<record><leader>00000cas a22000007a 4500</leader><controlfield tag="001">16788207</controlfield><controlfield tag="008">870930d18911907iauwr ne      0    0eng d</controlfield><datafield ind1=" " ind2=" " tag="010"><subfield code="a">sn 87057657 </subfield></datafield><datafield ind1=" " ind2=" " tag="040"><subfield code="a">INP</subfield><subfield code="b">eng</subfield><subfield code="c">INP</subfield><subfield code="d">OCLCQ</subfield></datafield><datafield ind1=" " ind2=" " tag="042"><subfield code="a">msc</subfield></datafield><datafield ind1="0" ind2="4" tag="245"><subfield code="a">The Elkader Argus.</subfield></datafield><datafield ind1=" " ind2=" " tag="260"><subfield code="a">Elkader, Clayton Co., Iowa :</subfield><subfield code="b">F.L. Wolf &amp; Co.,</subfield><subfield code="c">-1907.</subfield></datafield><datafield ind1=" " ind2=" " tag="300"><subfield code="a">v.</subfield></datafield><datafield ind1=" " ind2=" " tag="310"><subfield code="a">Weekly</subfield></datafield><datafield ind1="1" ind2=" " tag="362"><subfield code="a">Began in 1891.</subfield></datafield><datafield ind1="0" ind2=" " tag="362"><subfield code="a">-v. 17, no. 37 (Aug. 28, 1907).</subfield></datafield><datafield ind1=" " ind2=" " tag="588"><subfield code="a">Description based on: Vol. 11, no. 7 (Feb. 7, 1901).</subfield></datafield><datafield ind1=" " ind2=" " tag="752"><subfield code="a">United States</subfield><subfield code="b">Iowa</subfield><subfield code="c">Clayton</subfield><subfield code="d">Elkader.</subfield></datafield><datafield ind1="0" ind2="7" tag="785"><subfield code="t">Elkader register (Elkader, Iowa : 1889)</subfield><subfield code="w">(DLC)sn 87058099</subfield></datafield><datafield ind1="0" ind2="7" tag="785"><subfield code="t">Register and Argus</subfield><subfield code="w">(DLC)sn 87058100</subfield></datafield></record>